<marc:record xmlns:marc="http://www.loc.gov/MARC21/slim" xmlns:xsi="http://www.w3.org/2001/XMLSchema-instance" xsi:schemaLocation="http://www.loc.gov/MARC21/slim http://www.loc.gov/standards/marcxml/schema/MARC21slim.xsd">
  <marc:leader>     nam a2200373   45M</marc:leader>
  <marc:controlfield tag="001">002818882</marc:controlfield>
  <marc:controlfield tag="003">NNU</marc:controlfield>
  <marc:controlfield tag="005">19940713181853.0</marc:controlfield>
  <marc:controlfield tag="008">870520r19681897iq       b    000 0 arax </marc:controlfield>
  <marc:datafield tag="010" ind1=" " ind2=" ">
    <marc:subfield code="a">76961406</marc:subfield>
  </marc:datafield>
  <marc:datafield tag="020" ind1=" " ind2=" ">
    <marc:subfield code="c">3.00 Egyptian pounds</marc:subfield>
  </marc:datafield>
  <marc:datafield tag="035" ind1="9" ind2=" ">
    <marc:subfield code="a">NYUb10526450</marc:subfield>
  </marc:datafield>
  <marc:datafield tag="035" ind1=" " ind2=" ">
    <marc:subfield code="a">(CStRLIN)NYUG87-B16757</marc:subfield>
  </marc:datafield>
  <marc:datafield tag="035" ind1=" " ind2=" ">
    <marc:subfield code="a">GLIS005264502</marc:subfield>
  </marc:datafield>
  <marc:datafield tag="040" ind1=" " ind2=" ">
    <marc:subfield code="c">NN</marc:subfield>
    <marc:subfield code="d">NN</marc:subfield>
    <marc:subfield code="d">NNU</marc:subfield>
  </marc:datafield>
  <marc:datafield tag="050" ind1="0" ind2=" ">
    <marc:subfield code="a">PJ7741.U55</marc:subfield>
    <marc:subfield code="b">A6 1968</marc:subfield>
  </marc:datafield>
  <marc:datafield tag="090" ind1=" " ind2=" ">
    <marc:subfield code="i">06/11/87 CT</marc:subfield>
    <marc:subfield code="h">05/20/87 CT</marc:subfield>
  </marc:datafield>
  <marc:datafield tag="100" ind1="0" ind2=" ">
    <marc:subfield code="a">ʻUmārah ibn ʻAlī al-Ḥakamī,</marc:subfield>
    <marc:subfield code="d">1120 or 21-1174.</marc:subfield>
  </marc:datafield>
  <marc:datafield tag="245" ind1="1" ind2="0">
    <marc:subfield code="a">Kitāb fīhī al-nukat al-ʻaṣrīyah fī akhbār al-wuzarāʼ al-Miṣrīyah,</marc:subfield>
    <marc:subfield code="c">taʼlīf Najm al-Dīn Abī Muḥammad ʻUmārah ibn Abī al-Ḥasan al-Ḥakamī thumma al-Yamanī. Wa-fīhi qaṣāʼid min shiʻrih wa-maqāṭīʻ min nathrih. Iʻtaná bi-taṣḥīḥih Hartwīgh Dirinburgh.</marc:subfield>
  </marc:datafield>
  <marc:datafield tag="260" ind1=" " ind2=" ">
    <marc:subfield code="a">Baghdād,</marc:subfield>
    <marc:subfield code="b">Maktabat al-Muthanná</marc:subfield>
    <marc:subfield code="c">[1968 ?]</marc:subfield>
  </marc:datafield>
  <marc:datafield tag="300" ind1=" " ind2=" ">
    <marc:subfield code="a">399, xvi p.</marc:subfield>
    <marc:subfield code="c">24 cm.</marc:subfield>
  </marc:datafield>
  <marc:datafield tag="490" ind1="1" ind2=" ">
    <marc:subfield code="a">Publications de l'École des langues orientales vivantes, 4e sér.,</marc:subfield>
    <marc:subfield code="v">v. 10</marc:subfield>
  </marc:datafield>
  <marc:datafield tag="500" ind1=" " ind2=" ">
    <marc:subfield code="a">In Arabic.</marc:subfield>
  </marc:datafield>
  <marc:datafield tag="500" ind1=" " ind2=" ">
    <marc:subfield code="a">Cover title.</marc:subfield>
  </marc:datafield>
  <marc:datafield tag="500" ind1=" " ind2=" ">
    <marc:subfield code="a">Original t.p.: ʻOumâra du Yemen, sa vie et son oeuvre, par Hartwig Derembourg.</marc:subfield>
  </marc:datafield>
  <marc:datafield tag="500" ind1=" " ind2=" ">
    <marc:subfield code="a">Pref. in French.</marc:subfield>
  </marc:datafield>
  <marc:datafield tag="500" ind1=" " ind2=" ">
    <marc:subfield code="a">Reprint of v.1 of the ed. published in Paris, 1897.</marc:subfield>
  </marc:datafield>
  <marc:datafield tag="504" ind1=" " ind2=" ">
    <marc:subfield code="a">Includes bibliographical references.</marc:subfield>
  </marc:datafield>
  <marc:datafield tag="505" ind1=" " ind2=" ">
    <marc:subfield code="a">al-Nukat al-ʻaṣrīyah fī akhbār al-wuzarāʼ al-Miṣrīyah -- Mukhtār min dīwān ʻUmārah.</marc:subfield>
  </marc:datafield>
  <marc:datafield tag="600" ind1="1" ind2="0">
    <marc:subfield code="a">Derenbourg, Hartwig,</marc:subfield>
    <marc:subfield code="d">1844-1908.</marc:subfield>
  </marc:datafield>
  <marc:datafield tag="740" ind1="0" ind2=" ">
    <marc:subfield code="a">Nukat al-ʻaṣrīyah fī akhbār al-wuzarāʼ al-Miṣrīyah.</marc:subfield>
  </marc:datafield>
  <marc:datafield tag="810" ind1="1" ind2=" ">
    <marc:subfield code="a">Paris (France).</marc:subfield>
    <marc:subfield code="b">École des langues oreintales vivantes.</marc:subfield>
    <marc:subfield code="t">Publications,</marc:subfield>
    <marc:subfield code="n">4. sér. ;</marc:subfield>
    <marc:subfield code="v">v. 10.</marc:subfield>
  </marc:datafield>
  <marc:datafield tag="950" ind1=" " ind2=" ">
    <marc:subfield code="l">BMAIN</marc:subfield>
    <marc:subfield code="a">PJ7755.U4</marc:subfield>
    <marc:subfield code="b">A6 1968</marc:subfield>
    <marc:subfield code="i">06/11/87 C</marc:subfield>
    <marc:subfield code="h">05/20/87 C</marc:subfield>
  </marc:datafield>
  <marc:datafield tag="955" ind1=" " ind2=" ">
    <marc:subfield code="l">BMAIN</marc:subfield>
    <marc:subfield code="c">1</marc:subfield>
    <marc:subfield code="r">012413244</marc:subfield>
    <marc:subfield code="h">05/20/87 C</marc:subfield>
  </marc:datafield>
  <marc:datafield tag="998" ind1=" " ind2=" ">
    <marc:subfield code="a">06/11/87</marc:subfield>
    <marc:subfield code="t">c</marc:subfield>
    <marc:subfield code="s">9115</marc:subfield>
    <marc:subfield code="n">NNU</marc:subfield>
    <marc:subfield code="w">NYPG011000336B</marc:subfield>
    <marc:subfield code="d">05/20/87</marc:subfield>
    <marc:subfield code="b">XXX</marc:subfield>
    <marc:subfield code="i">870611</marc:subfield>
    <marc:subfield code="h">870520</marc:subfield>
    <marc:subfield code="l">NYUG</marc:subfield>
  </marc:datafield>
</marc:record>
